<record><leader>00000cas a2200000 a 4500</leader><controlfield tag="001">2257138</controlfield><controlfield tag="008">760620d17881820nyucr ne      0    0eng c</controlfield><datafield ind1=" " ind2=" " tag="010"><subfield code="a">sn 83030801 </subfield></datafield><datafield ind1=" " ind2=" " tag="040"><subfield code="a">PIT</subfield><subfield code="b">eng</subfield><subfield code="c">PIT</subfield><subfield code="d">NPU</subfield><subfield code="d">DLC</subfield><subfield code="d">NPX</subfield><subfield code="d">NPA</subfield><subfield code="d">NPX</subfield><subfield code="d">NYS</subfield><subfield code="d">MGN</subfield><subfield code="d">NYS</subfield><subfield code="d">CNK</subfield><subfield code="d">NYS</subfield><subfield code="d">OCL</subfield><subfield code="d">NYS</subfield><subfield code="d">OCLCQ</subfield><subfield code="d">DLC</subfield><subfield code="d">OCLCG</subfield><subfield code="d">DLC</subfield><subfield code="d">OCLCQ</subfield><subfield code="d">OCLCF</subfield><subfield code="d">CUS</subfield></datafield><datafield ind1=" " ind2=" " tag="042"><subfield code="a">pcc</subfield></datafield><datafield ind1=" " ind2=" " tag="043"><subfield code="a">n-us-ny</subfield></datafield><datafield ind1="0" ind2="0" tag="050"><subfield code="a">Newspaper</subfield></datafield><datafield ind1=" " ind2="4" tag="050"><subfield code="a">AN</subfield></datafield><datafield ind1="0" ind2=" " tag="130"><subfield code="a">Albany register (Albany, N.Y. : 1788)</subfield></datafield><datafield ind1="1" ind2="4" tag="245"><subfield code="a">The Albany register.</subfield></datafield><datafield ind1=" " ind2=" " tag="260"><subfield code="a">Albany [N.Y.] :</subfield><subfield code="b">Robert Barber &amp; Co.,</subfield><subfield code="c">-1820.</subfield></datafield><datafield ind1=" " ind2=" " tag="300"><subfield code="a">v. :</subfield><subfield code="b">ill. (chiefly adv.) ;</subfield><subfield code="c">52-55 cm.</subfield></datafield><datafield ind1=" " ind2=" " tag="310"><subfield code="a">Semiweekly</subfield></datafield><datafield ind1=" " ind2=" " tag="321"><subfield code="a">Weekly,</subfield><subfield code="b">1788-July 1795</subfield></datafield><datafield ind1="0" ind2=" " tag="362"><subfield code="a">-v. 32, no. 24 (May 12, 1820).</subfield></datafield><datafield ind1="1" ind2=" " tag="362"><subfield code="a">Began Oct. 13, 1788.</subfield></datafield><datafield ind1=" " ind2=" " tag="500"><subfield code="a">Imprint varies: Robert Barber &amp; Co., 1788-1791; Printed by John Barber &amp; Solomon Southwick, 1792-1800; John Barber, 1800-1808; Solomon Allen, Jun., for the proprietor, 1808-1809; Solomon Allen, Jun., for S. Southwick, 1809-1812; H.C. Southwick, for S. Southwick, 1812-1816; Solomon Southwick, 1816-1817; Israel W. Clark, 1817-1819; Printed by Jeremiah Tryon, for the proprietors, 1819-1820; For the proprietors, 1820.</subfield></datafield><datafield ind1=" " ind2=" " tag="588"><subfield code="a">Description based on: Vol. 1, no. 26 (Apr. 6, 1789).</subfield></datafield><datafield ind1=" " ind2="0" tag="651"><subfield code="a">Albany (N.Y.)</subfield><subfield code="v">Newspapers.</subfield></datafield><datafield ind1=" " ind2="0" tag="651"><subfield code="a">Albany County (N.Y.)</subfield><subfield code="v">Newspapers.</subfield></datafield><datafield ind1=" " ind2="7" tag="651"><subfield code="a">New York (State)</subfield><subfield code="z">Albany.</subfield><subfield code="2">fast</subfield><subfield code="0">(OCoLC)fst01225716</subfield></datafield><datafield ind1=" " ind2="7" tag="651"><subfield code="a">New York (State)</subfield><subfield code="z">Albany County.</subfield><subfield code="2">fast</subfield><subfield code="0">(OCoLC)fst01210357</subfield></datafield><datafield ind1=" " ind2="7" tag="655"><subfield code="a">Newspapers.</subfield><subfield code="2">fast</subfield><subfield code="0">(OCoLC)fst01423814</subfield></datafield><datafield ind1="1" ind2=" " tag="700"><subfield code="a">Barber, Robert,</subfield><subfield code="d">1770?-1812.</subfield></datafield><datafield ind1="1" ind2=" " tag="700"><subfield code="a">Barber, John,</subfield><subfield code="d">1758?-1808.</subfield></datafield><datafield ind1="1" ind2=" " tag="700"><subfield code="a">Southwick, Solomon,</subfield><subfield code="d">1773-1839.</subfield></datafield><datafield ind1="1" ind2=" " tag="700"><subfield code="a">Clark, Israel W.,</subfield><subfield code="d">1789?-1828.</subfield></datafield><datafield ind1="1" ind2=" " tag="700"><subfield code="a">Allen, Solomon.</subfield></datafield><datafield ind1="1" ind2=" " tag="700"><subfield code="a">Southwick, Henry Collins,</subfield><subfield code="d">1772-1821.</subfield></datafield><datafield ind1="1" ind2=" " tag="700"><subfield code="a">Tryon, Jeremiah.</subfield></datafield><datafield ind1=" " ind2=" " tag="752"><subfield code="a">United States</subfield><subfield code="b">New York</subfield><subfield code="c">Albany</subfield><subfield code="d">Albany.</subfield></datafield><datafield ind1="0" ind2="8" tag="776"><subfield code="i">Online version:</subfield><subfield code="t">Albany register (Albany, N.Y. : 1788)</subfield><subfield code="w">(OCoLC)664149740</subfield></datafield><datafield ind1="0" ind2="0" tag="785"><subfield code="t">New-York statesman (Albany, N.Y. : 1820)</subfield><subfield code="w">(DLC)sn 83030816</subfield><subfield code="w">(OCoLC)9676084</subfield></datafield><datafield ind1="4" ind2="1" tag="856"><subfield code="3">04/06/1789 to 11/25/1822</subfield><subfield code="u">http://infoweb.newsbank.com/?db=EANX&amp;s_browseRef=decades/10C777DB3A9D37F0/all.xml</subfield></datafield><datafield ind1="1" ind2=" " tag="029"><subfield code="a">AU@</subfield><subfield code="b">000020127023</subfield></datafield></record>